@phdthesis{liu2009beyond,
  title={Beyond pixels: exploring new representations and applications for motion analysis},
  author={Liu, Ce and others},
  year={2009},
  school={Massachusetts Institute of Technology}
}

@article{sajid2019motion,
  title={Motion and appearance based background subtraction for freely moving cameras},
  author={Sajid, Hasan and Cheung, Sen-Ching S and Jacobs, Nathan},
  journal={Signal Processing: Image Communication},
  volume={75},
  pages={11--21},
  year={2019},
  publisher={Elsevier}
}
